001  0000042
005  20170608161818.900
008  170311s||||     bl|||||||||||||||||por|u
020    $a9788564818064
040    $aPorto Alegre$bpor
090    $a82-1$bM357e
100 1  $aMarques, Eliane
245 10 $aE se alguém o pano$cEliane Marques
260    $aPorto Alegre$bAprés Coup - Escola de Poesia$c2015
300    $a104 p.
650    $aPoesia
650    $aPoema
